<record><leader>00000cas a22000007a 4500</leader><controlfield tag="001">26248285</controlfield><controlfield tag="008">920724d19uu195unyuwr ne      0    0eng d</controlfield><datafield ind1=" " ind2=" " tag="010"><subfield code="a">sn 92061715 </subfield></datafield><datafield ind1=" " ind2=" " tag="040"><subfield code="a">NYS</subfield><subfield code="b">eng</subfield><subfield code="c">NYS</subfield><subfield code="d">OCLCQ</subfield></datafield><datafield ind1=" " ind2=" " tag="042"><subfield code="a">msc</subfield></datafield><datafield ind1="0" ind2="4" tag="245"><subfield code="a">The Otsego-Chenango ad-visor.</subfield></datafield><datafield ind1=" " ind2=" " tag="260"><subfield code="a">Edmeston, N.Y. :</subfield><subfield code="b">[s.n.]</subfield></datafield><datafield ind1=" " ind2=" " tag="300"><subfield code="a">v. ;</subfield><subfield code="c">56 cm.</subfield></datafield><datafield ind1=" " ind2=" " tag="310"><subfield code="a">Weekly</subfield></datafield><datafield ind1=" " ind2=" " tag="500"><subfield code="a">Publishers: R. &amp; E. Estabrooks, &lt;1947&gt;; Ralph B. Estabrooks, &lt;1949&gt;.</subfield></datafield><datafield ind1=" " ind2=" " tag="588"><subfield code="a">Description based on: July 17, 1940.</subfield></datafield><datafield ind1=" " ind2="4" tag="651"><subfield code="a">Edmeston (N.Y.)</subfield><subfield code="v">Newspapers.</subfield></datafield><datafield ind1=" " ind2="4" tag="651"><subfield code="a">Otsego County (N.Y.)</subfield><subfield code="v">Newspapers.</subfield></datafield><datafield ind1=" " ind2="4" tag="651"><subfield code="a">Chenango County (N.Y.)</subfield><subfield code="v">Newspapers.</subfield></datafield><datafield ind1=" " ind2=" " tag="752"><subfield code="a">United States</subfield><subfield code="b">New York</subfield><subfield code="c">Otsego</subfield><subfield code="d">Edmeston.</subfield></datafield><datafield ind1="0" ind2="0" tag="780"><subfield code="t">Edmeston ad-visor</subfield><subfield code="w">(DLC)sn 92061714</subfield></datafield><datafield ind1="0" ind2="0" tag="785"><subfield code="t">Wharton Valley news</subfield><subfield code="w">(DLC)sn 92061785</subfield></datafield></record>